% cloud computing
@ARTICLE{cloud-programming-simplified:2019,
    author = {Jonas, Eric and Schleier-Smith, Johann and Sreekanti, Vikram and Tsai, Chia-Che and Khandelwal, Anurag and Pu, Qifan and Shankar, Vaishaal and Carreira, Joao and Krauth, Karl and Yadwadkar, Neeraja and Gonzalez, Joseph and Popa, Raluca and Stoica, Ion and Patterson, David},
    year = {2019},
    month = {02},
    pages = {},
    title = {Cloud Programming Simplified: A Berkeley View on Serverless Computing}
}

@ARTICLE{vision-challenges:2016,  
    author={W. {Shi} and J. {Cao} and Q. {Zhang} and Y. {Li} and L. {Xu}},  
    journal={IEEE Internet of Things Journal},   
    title={Edge Computing: Vision and Challenges},   
    year={2016},  
    volume={3},  
    number={5},  
    pages={637-646}
}

% edge computing

@ARTICLE{promise-edge-computing:2016,  
    author={W. {Shi} and S. {Dustdar}},  
    journal={Computer},   
    title={The Promise of Edge Computing},   
    year={2016},  
    volume={49},  
    number={5},  
    pages={78-81}
}

@ARTICLE{emergence-edge-computing:2017,  
    author={M. {Satyanarayanan}},  
    journal={Computer},   
    title={The Emergence of Edge Computing},   
    year={2017},  
    volume={50},  
    number={1},  
    pages={30-39}
}

% autonomous cars
@ARTICLE{drive-my-car:2017,  
    author={S. {Liu} and J. {Peng} and J. {Gaudiot}},  
    journal={Computer},   
    title={Computer, Drive My Car!},   
    year={2017},  
    volume={50},  
    number={1},  
    pages={8-8}
}

@MISC{driverless-future:2016,
  author={Driverless future},
  title = {Autonomous car forecasts},
  year = {2016},
  url = {http://www.driverless-future.com/?page_id=384},
  note  = {Zuletzt aufgerufen am 2020-05-31}
}

@article{glancy-privacy:2012,
  title={Privacy in autonomous vehicles},
  author={Glancy, Dorothy J},
  journal={Santa Clara L. Rev.},
  volume={52},
  pages={1188--1196},
  year={2012},
  publisher={HeinOnline}
}

@article{itf:2015,
   author = "International Transport Forum",
   title = "Automated and Autonomous Driving",
   year = "2015",
   number = "7", 
   pages= {16--28},
   doi = "https://doi.org/https://doi.org/10.1787/5jlwvzdfk640-en" 
}

@MISC{privacy-and-security-issues:2019,
  author={News Team},
  title = {Privacy and Security Issues in Autonomous Cars},
  year = {2019},
  url = {https://www.cyberdefensemagazine.com/privacy-and-security/},
  note  = {Zuletzt aufgerufen am 2020-05-31}
}

%edge computing in cars
@ARTICLE{opportunities-challenges:2019,  
    author={S. {Liu} and L. {Liu} and J. {Tang} and B. {Yu} and Y. {Wang} and W. {Shi}},  
    journal={Proceedings of the IEEE},   
    title={Edge Computing for Autonomous Driving: Opportunities and Challenges},   
    year={2019}, 
    volume={107},  
    number={8},  
    pages={1697-1716}
}

@ARTICLE{architectures:2017,  
    author={S. {Liu} and J. {Tang} and Z. {Zhang} and J. {Gaudiot}},  
    journal={Computer},   
    title={Computer Architectures for Autonomous Driving},   
    year={2017},  
    volume={50},  
    number={8},  
    pages={18-25}
}

@MISC{role-edge-computing:2020,
  author={Shriganesh Shurpali},
  title = {Role of Edge Computing in Connected and Autonomous Vehicles},
  year = {2020},
  url = {https://www.einfochips.com/blog/role-of-edge-computing-in-connected-and-autonomous-vehicles/},
  note  = {Zuletzt aufgerufen am 2020-05-31}
}

@MISC{5-use-cases:2019,
  author={Blair Felter},
  title = {5 Use Cases for Edge Computing and Autonomous Vehicles},
  year = {2019},
  url = {https://www.vxchnge.com/blog/edge-computing-use-cases-autonomous-vehicles},
  note  = {Zuletzt aufgerufen am 2020-06-02}
}

@MISC{5-use-cases-1:2019,
  author={Blair Felter},
  title = {5 Edge Computing Use Cases With Huge Potential},
  year = {2019},
  url = {https://www.vxchnge.com/blog/edge-computing-use-cases},
  note  = {Zuletzt aufgerufen am 2020-06-05}
}